@article{Ron,
    author = {Goldreich, O. and Ron, D.},
    title = "A Sublinear Bipartiteness Tester for Bounded Degree Graphs.",
    journal = "Combinatorica",
    volume = "19",
    pages = "335--373",
    year = "1999",
    DOI = "https://doi.org/10.1007/s004930050060",
    keywords = "bipartiteness"
}

@article{censor,
    author = {Censor-Hillel, K. and Fischer, E. and Schwartzman, G. and others},
    title = "Fast distributed algorithms for testing graph properties.",
    journal = " Distrib. Comput.",
    volume = "32",
    pages = "41--57",
    year = "2019",
    DOI = "https://doi.org/10.1007/s00446-018-0324-8",
    keywords = "distributed"
}

@book{goldreich,
    title = {Introduction to Property Testing},
    author = {Oded Goldreich},
    isbn = {9781108135252},
    year = {2017},
    publisher = {Cambridge University Press},
    DOI = {https://doi.org/10.1017/9781108135252},
    keywords = {property testing}
}